@article{rfc2616,
  title={Hypertext transfer protocol--HTTP/1.1, 1999},
  author={Fielding, Roy and Gettys, Jim and Mogul, Jeffrey and Frystyk, Henrik and Masinter, Larry and Leach, Paul and Berners-Lee, Tim},
  journal={RFC2616},
  year={2006}
}

@article{rfc7230,
  title={Hypertext Transfer Protocol (HTTP/1.1): Authentication},
  author={Fielding, Roy and Reschke, Julian},
  year={2014}
}